@Article{wd,
author = {Whitesides, G.M},
title = {The origins and the future of microfluidics},
journal = {Nature},
year = {2006},
volume ={442},
pages ={368--373},
}

@Article{ch,
author = {Has, C.},
title = {How to write thesis in \text{\LaTeX\}},
journal = {Tutorial created by evan},
year = {2014},
volume ={512},
pages ={400-450},
}